<record><leader>00000cas a2200000Ma 4500</leader><controlfield tag="001">11032705</controlfield><controlfield tag="008">840808d18491854aluir ne      0    0eng d</controlfield><datafield ind1=" " ind2=" " tag="010"><subfield code="a">sn 84023546 </subfield></datafield><datafield ind1=" " ind2=" " tag="040"><subfield code="a">AQM</subfield><subfield code="b">eng</subfield><subfield code="c">AQM</subfield><subfield code="d">OCLCQ</subfield><subfield code="d">NDD</subfield><subfield code="d">OCLCF</subfield></datafield><datafield ind1="1" ind2=" " tag="029"><subfield code="a">AU@</subfield><subfield code="b">000025825289</subfield></datafield><datafield ind1=" " ind2=" " tag="043"><subfield code="a">n-us-al</subfield></datafield><datafield ind1="0" ind2=" " tag="130"><subfield code="a">Advertiser and state gazette (Montgomery, Ala. : Triweekly)</subfield></datafield><datafield ind1="1" ind2="0" tag="245"><subfield code="a">Advertiser and state gazette.</subfield></datafield><datafield ind1=" " ind2=" " tag="260"><subfield code="a">Montgomery, Ala. :</subfield><subfield code="b">Brittan &amp; De Wolf</subfield></datafield><datafield ind1=" " ind2=" " tag="310"><subfield code="a">Triweekly</subfield></datafield><datafield ind1="1" ind2=" " tag="362"><subfield code="a">Began in 1849; ceased in May 1854.</subfield></datafield><datafield ind1=" " ind2=" " tag="588"><subfield code="a">Description based on: Vol. 1, no. 107 (June 20, 1850).</subfield></datafield><datafield ind1=" " ind2="0" tag="651"><subfield code="a">Montgomery (Ala.)</subfield><subfield code="v">Newspapers.</subfield></datafield><datafield ind1=" " ind2="0" tag="651"><subfield code="a">Montgomery County (Ala.)</subfield><subfield code="v">Newspapers.</subfield></datafield><datafield ind1=" " ind2="7" tag="655"><subfield code="a">Newspapers.</subfield><subfield code="2">rbgenr</subfield></datafield><datafield ind1=" " ind2="7" tag="655"><subfield code="a">Newspapers.</subfield><subfield code="2">fast</subfield><subfield code="0">(OCoLC)fst01423814</subfield></datafield><datafield ind1=" " ind2="7" tag="651"><subfield code="a">Alabama</subfield><subfield code="z">Montgomery.</subfield><subfield code="2">fast</subfield><subfield code="0">(OCoLC)fst01202689</subfield></datafield><datafield ind1=" " ind2="7" tag="651"><subfield code="a">Alabama</subfield><subfield code="z">Montgomery County.</subfield><subfield code="2">fast</subfield><subfield code="0">(OCoLC)fst01214111</subfield></datafield><datafield ind1=" " ind2=" " tag="752"><subfield code="a">United States</subfield><subfield code="b">Alabama</subfield><subfield code="c">Montgomery</subfield><subfield code="d">Montgomery.</subfield></datafield><datafield ind1="0" ind2=" " tag="775"><subfield code="t">Montgomery daily advertiser (Montgomery, Ala. : 1850)</subfield><subfield code="w">(DLC)sn 84023549</subfield><subfield code="w">(OCoLC)10896753</subfield></datafield><datafield ind1="0" ind2=" " tag="775"><subfield code="t">Advertiser and state gazette (Montgomery, Ala. : Weekly)</subfield><subfield code="w">(DLC)sn 84023545</subfield><subfield code="w">(OCoLC)11032740</subfield></datafield><datafield ind1="0" ind2="0" tag="780"><subfield code="t">Tri-weekly flag &amp; advertiser</subfield><subfield code="w">(DLC)sn 84022000</subfield><subfield code="w">(OCoLC)4054473</subfield></datafield><datafield ind1="0" ind2="0" tag="785"><subfield code="t">Montgomery advertiser and state gazette (Montgomery, Ala. : Triweekly)</subfield><subfield code="w">(DLC)sn 86050478</subfield><subfield code="w">(OCoLC)15023902</subfield></datafield></record>